2884 4817
943 477 964 492 ⁰
997 601 1030 616 Ὗ
1141 435 1467 576 These&
1524 488 2153 602 Requndentie3

1580 673 1587 680 .

1583 741 1705 815 Ἰ’.·

717 883 748 946 ἰ
847 884 1057 959 Inter
1079 907 1234 981 ea,
1314 908 1479 979 quae
1544 887 1835 978 ingenio
1906 892 2380 983 exercentur,
2453 863 2661 962 hau⁸d
2747 863 2757 871 ⁸

657 989 993 1085 exiguum
1030 993 1270 1064 locum
1322 990 1603 1061 obtinet
1650 1009 1899 1060 rerum
1950 995 2327 1096 gestarum
2364 1005 2662 1064 memo-

559 1153 564 1162 .
647 1096 805 1189 ria,
859 1115 1061 1186 quae,
1134 1090 1405 1183 praeter
1457 1092 1630 1162 alia
1646 1110 1784 1162 sua
1839 1093 2260 1186 commoda,
2334 1092 2427 1162 de
2484 1095 2658 1184 qui-

527 1179 540 1198 ²
654 1197 795 1268 bus
846 1190 1162 1287 singulis»,
1217 1193 1555 1286 quoniam
1606 1193 1810 1263 multi
1860 1194 2231 1287 dixerunt,
2283 1201 2654 1284 praetere-

653 1301 923 1374 undum
975 1304 1350 1389 putamus,
1427 1293 1574 1366 hoc
1600 1315 1916 1392 qnoque
1958 1295 2293 1366 maxime
2339 1298 2651 1391 eminet,

656 1401 856 1490 quod
904 1403 1266 1470 monstrat
1313 1398 1549 1489 viam,
1604 1415 1749 1485 qua
1798 1397 2164 1487 ingenium
2212 1395 2609 1470 humanum
2625 1450 2648 1494 ,

652 1522 791 1574 usu
845 1507 920 1584 et
969 1487 1436 1572 meditatione
1510 1497 1917 1568 subactum
1962 1498 2061 1569 ad
2109 1519 2361 1630 rerum
2410 1501 2654 1573 maxi-
2732 1573 2740 1590 ,

651 1624 936 1677 marum
971 1601 1447 1694 prudentiam
1495 1601 1934 1694 pervenerit.
2235 1628 2263 1659 a
2494 1637 2501 1646 ·

1603 1830 1689 1904 II.

665 2031 670 2036 .
852 1978 1036 2066 Quin
1084 1978 1464 2052 utilissima
1514 1979 1608 2050 sit
1661 1982 1737 2047 et
1785 1995 2237 2069 magnopere
2270 1997 2654 2062 commen-

653 2082 896 2153 danda
945 2088 1281 2157 veterum
1334 2073 1760 2159 Graecorum
1796 2080 2367 2170 Latinorumque
2385 2082 2650 2175 lectio,

627 2185 947 2270 ,dubium
997 2204 1142 2255 non
1195 2187 1344 2275 cst3
1412 2202 1651 2272 neque
1723 2186 1966 2266 autem
2016 2181 2090 2249 in
2139 2180 2280 2251 hac
2329 2183 2652 2256 lectione

648 2277 1253 2378 requiescendum
1303 2290 1522 2376 puto,
1579 2303 1777 2375 quae,
1820 2283 1957 2354 nisi
1993 2273 2485 2355 recentiorum
2511 2304 2652 2356 ac-

650 2388 960 2459 cesserit
1006 2385 1451 2460 indefessum
1502 2385 1849 2476 studium,
1923 2385 2022 2454 ad
2083 2385 2231 2454 vim
2279 2385 2473 2459 bene
2527 2387 2650 2457 di-
2764 2441 2777 2452 .

650 2490 861 2560 cendi
932 2471 1509 2582 scribendique,
1551 2491 1808 2557 nostro
1840 2486 2171 2582 quidem
2219 2505 2424 2581 aevo,
2496 2509 2655 2561 non

455 2623 464 2644 ι
575 2684 586 2690 -
646 2590 827 2661 satis
876 2588 1093 2659 valet.

856 2961 1110 3038 Verba
1181 2985 1272 3035 ex
1339 2951 1630 3058 scriptis
1682 2966 2005 3038 auctoris
2068 2966 2450 3059 cujusdam
2502 2989 2643 3043 ex-
2726 2967 2753 2975 “

645 3087 994 3160 cerpere,
1045 3067 1591 3159 verborumque
1640 3069 2249 3160 compositionem
2301 3070 2399 3141 ad
2445 3072 2640 3143 illius

643 3171 1085 3268 exemplum,
1141 3176 1487 3260 quantum
1520 3169 1681 3241 fieri
1716 3176 2000 3263 potest,
2055 3168 2438 3266 effingere,
2493 3173 2642 3244 non

646 3280 761 3343 est
811 3278 1188 3346 auctorem
1237 3272 1521 3372 imitari.
1618 3273 1920 3364 Neque,
1987 3278 2069 3343 ut
2129 3280 2337 3343 recte
2387 3281 2643 3350 monet

644 3373 1149 3466 Quintilianus»,
1204 3377 1364 3463 quiae
1412 3374 1489 3443 in
1538 3374 2019 3474 scriptoribus
2069 3363 2382 3447 maxima
2435 3381 2637 3469 sunt,
2672 3421 2681 3434 =

639 3476 1015 3546 imitabilia
1065 3481 1267 3573 sunt,
1337 3476 1735 3569 ingenium,
1807 3475 2124 3547 inventio
2144 3526 2165 3568 ,
2235 3477 2390 3571 vis,
2442 3471 2640 3551 faci-

547 3608 560 3648 .·
640 3575 847 3671 litas,
901 3583 978 3648 et
1027 3576 1373 3742 quidquid
1407 3584 1586 3649 arte
1636 3599 1783 3651 non
1832 3576 2164 3659 traditur.
